@data{RichardsonandCaneCME,
author = {Richardson, Ian and Cane, Hilary},
publisher = {Harvard Dataverse},
title = {{Near-Earth Interplanetary Coronal Mass Ejections Since January 1996}},
year = {2024},
version = {V3},
doi = {10.7910/DVN/C2MHTH},
url = {https://doi.org/10.7910/DVN/C2MHTH}
}

@misc{omniweb,
  title     = "{OMNI} 1-min Data Set [Dataset]",
  author    = "King, Joseph H and Papitashvili, Natalia E",
  abstract  = "High resolution (1-min), multi-source, near-Earth solar wind
               magnetic field and plasma data as shifted to Earth's bow shock
               nose, plus several 1-min geomagnetic activity indices.",
  publisher = "NASA Space Physics Data Facility",
  year      =  2020
}

@ARTICLE{Tsagouri2013,
  title     = "Progress in space weather modeling in an operational environment",
  author    = "Tsagouri, Ioanna and Belehaki, Anna and Bergeot, Nicolas and
               Cid, Consuelo and Delouille, V{\'e}ronique and Egorova, Tatiana
               and Jakowski, Norbert and Kutiev, Ivan and Mikhailov, Andrei and
               N{\'u}{\~n}ez, Marlon and Pietrella, Marco and Potapov,
               Alexander and Qahwaji, Rami and Tulunay, Yurdanur and Velinov,
               Peter and Viljanen, Ari",
  journal   = "J. Space Weather Space Clim.",
  publisher = "EDP Sciences",
  volume    =  3,
  pages     = "A17",
  year      =  2013
}

@article{Liemohn2018,
author = {Liemohn, Mike and Ganushkina, Natalia Yu. and De Zeeuw, Darren L. and Rastaetter, Lutz and Kuznetsova, Maria and Welling, Daniel T. and Toth, Gabor and Ilie, Raluca and Gombosi, Tamas I. and van der Holst, Bart},
title = {Real-Time SWMF at CCMC: Assessing the Dst Output From Continuous Operational Simulations},
journal = {Space Weather},
volume = {16},
number = {10},
pages = {1583-1603},
keywords = {space weather modeling, nowcasting, storm simulations},
doi = {https://doi.org/10.1029/2018SW001953},
year = {2018}
}

@article{Murray2018,
author = {Murray, Sophie A.},
title = {The Importance of Ensemble Techniques for Operational Space Weather Forecasting},
journal = {Space Weather},
volume = {16},
number = {7},
pages = {777-783},
keywords = {space weather, operational forecasting, ensembles, frontier techniques, research to operations},
doi = {https://doi.org/10.1029/2018SW001861},
year = {2018}
}

@article{Ridley2006,
   author = {A. J. Ridley and Y. Deng and G. Tóth},
   doi = {10.1016/J.JASTP.2006.01.008},
   issn = {1364-6826},
   issue = {8},
   journal = {Journal of Atmospheric and Solar-Terrestrial Physics},
   keywords = {Global circulation models,Ionosphere,Modeling,Thermosphere},
   month = {5},
   pages = {839-864},
   publisher = {Pergamon},
   title = {The global ionosphere–thermosphere model},
   volume = {68},
   year = {2006},
}

@Article{Ridley2010,
AUTHOR = {Ridley, A. J. and Gombosi, T. I. and Sokolov, I. V. and T\'oth, G. and Welling, D. T.},
TITLE = {Numerical considerations in simulating the global magnetosphere},
JOURNAL = {Annales Geophysicae},
VOLUME = {28},
YEAR = {2010},
NUMBER = {8},
PAGES = {1589--1614},
URL = {https://angeo.copernicus.org/articles/28/1589/2010/},
DOI = {10.5194/angeo-28-1589-2010}
}

@article{King2005,
author = {King, J. H. and Papitashvili, N. E.},
title = {Solar wind spatial scales in and comparisons of hourly Wind and ACE plasma and magnetic field data},
journal = {Journal of Geophysical Research: Space Physics},
volume = {110},
number = {A2},
pages = {},
keywords = {solar wind},
doi = {https://doi.org/10.1029/2004JA010649},
year = {2005}
}

@article{Borovsky2018,
title = {The spatial structure of the oncoming solar wind at Earth and the shortcomings of a solar-wind monitor at L1},
journal = {Journal of Atmospheric and Solar-Terrestrial Physics},
volume = {177},
pages = {2-11},
year = {2018},
note = {Dynamics of the Sun-Earth System: Recent Observations and Predictions},
issn = {1364-6826},
doi = {https://doi.org/10.1016/j.jastp.2017.03.014},
author = {Joseph E. Borovsky},
}

@article{Richardson2001,
author = {Richardson, John D. and Paularena, Karolen I.},
title = {Plasma and magnetic field correlations in the solar wind},
journal = {Journal of Geophysical Research: Space Physics},
volume = {106},
number = {A1},
pages = {239-251},
doi = {https://doi.org/10.1029/2000JA000071},
year = {2001},
}

@article{kessel1999,
  title={Local variations of interplanetary magnetic field at Earth's bow shock},
  author={Kessel, RL and Quintana, E and Peredo, M},
  journal={Journal of Geophysical Research: Space Physics},
  volume={104},
  number={A11},
  pages={24869--24878},
  year={1999},
  publisher={Wiley Online Library}
}

@article{Borovsky2008,
   author = {Joseph E Borovsky},
   doi = {https://doi.org/10.1029/2007JA012684},
   issue = {A8},
   journal = {Journal of Geophysical Research: Space Physics},
   keywords = {Heliosphere,magnetic carpet,solar wind},
   title = {Flux tube texture of the solar wind: Strands of the magnetic carpet at 1 AU?},
   volume = {113},
   year = {2008},
}

@article{Bruno2001,
   author = {R. Bruno and V. Carbone and P. Veltri and E. Pietropaolo and B. Bavassano},
   doi = {10.1016/S0032-0633(01)00061-7},
   issn = {0032-0633},
   issue = {12},
   journal = {Planetary and Space Science},
   month = {10},
   pages = {1201-1210},
   publisher = {Pergamon},
   title = {Identifying intermittency events in the solar wind},
   volume = {49},
   year = {2001},
}

@article{Vasquez2007,
   author = {Bernard J. Vasquez and Valentyna I. Abramenko and Dennis K. Haggerty and Charles W. Smith},
   doi = {10.1029/2007JA012504},
   issn = {2156-2202},
   issue = {A11},
   journal = {Journal of Geophysical Research: Space Physics},
   keywords = {Discontinuities,MHD turbulence,doi:10.1029/2007JA012504,http://dx.doi.org/10.1029/2007JA012504},
   month = {11},
   pages = {11102},
   publisher = {John Wiley & Sons, Ltd},
   title = {Numerous small magnetic field discontinuities of Bartels rotation 2286 and the potential role of Alfvénic turbulence},
   volume = {112},
   year = {2007},
}
@article{Li2008,
   author = {G. Li},
   doi = {10.1086/525847},
   issn = {0004-637X},
   issue = {1},
   journal = {The Astrophysical Journal},
   month = {1},
   pages = {L65-L68},
   publisher = {American Astronomical Society},
   title = {Identifying Current-Sheet-like Structures in the Solar Wind},
   volume = {672},
   year = {2008},
}

@misc{King2006,
   author = {Joe King and Natalia Papitashvili},
   city = {Greenbelt, MD},
   publisher = {NASA Goddard Space Flight Center/Space Physics Data Facility},
   title = {One minute and five minute solar wind data sets at the Earth's bow shock nose},
   year = {2006},
}

@article{Vokhmyanin2019,
   author = {M. V. Vokhmyanin and N. A. Stepanov and V. A. Sergeev},
   doi = {10.1029/2018SW002113},
   issn = {1542-7390},
   issue = {3},
   journal = {Space Weather},
   keywords = {OMNI database,PC index,correlation analysis,cross,data validation,interplanetary magnetic field},
   month = {3},
   pages = {476-486},
   publisher = {John Wiley & Sons, Ltd},
   title = {On the Evaluation of Data Quality in the OMNI Interplanetary Magnetic Field Database},
   volume = {17},
   year = {2019},
}

@article{Mukai2005,
   author = {T. Mukai},
   doi = {10.1016/S0964-2749(05)80002-2},
   issn = {0964-2749},
   issue = {C},
   journal = {COSPAR Colloquia Series},
   month = {1},
   pages = {1-5},
   publisher = {Pergamon},
   title = {Ten Years of Geotail and its Current Status: A Brief Summary},
   volume = {16},
   year = {2005},
}

@article{Angelopoulos2010,
   author = {V. Angelopoulos},
   doi = {10.1007/978-1-4614-9554-3\_2},
   isbn = {978-1-4614-9554-3},
   journal = {The ARTEMIS Mission},
   keywords = {ARTEMIS,Lunar exosphere,Magnetosphere,Reconnection,Solar wind,THEMIS,Turbulence},
   month = {10},
   pages = {3-25},
   publisher = {Springer, New York, NY},
   title = {The ARTEMIS Mission},
   volume = {9781461495543},
   year = {2010},
}

@article{Grimes2022,
   author = {Eric W. Grimes and Bryan Harter and Nick Hatzigeorgiu and Alexander Drozdov and James W. Lewis and Vassilis Angelopoulos and Xin Cao and Xiangning Chu and Tomo Hori and Shoya Matsuda and Chae Woo Jun and Satoko Nakamura and Masahiro Kitahara and Tomonori Segawa and Yoshizumi Miyoshi and Olivier Le Contel},
   doi = {10.3389/FSPAS.2022.1020815/BIBTEX},
   issn = {2296987X},
   journal = {Frontiers in Astronomy and Space Sciences},
   keywords = {data analysis,data visualization,heliophysics,magnetospherc physics,python,space physics},
   month = {10},
   pages = {1020815},
   publisher = {Frontiers Media S.A.},
   title = {The Space Physics Environment Data Analysis System in Python},
   volume = {9},
   year = {2022},
   note = {Available at \url{https://github.com/spedas/pyspedas}}
}

@article{SanchezDiaz2011,
   author = {Eduardo Sanchez‐Diaz and Alexis P. Rouillard and Benoit Lavraud and Kevin Segura and Chihiro Tao and Rui Pinto and N. R. Sheeley and Illya Plotnikov},
   doi = {10.1002/2016JA022433},
   issn = {2169-9380},
   issue = {4},
   journal = {Journal of Geophysical Research: Space Physics},
   month = {4},
   pages = {2830-2841},
   title = {The very slow solar wind: Properties, origin and variability},
   volume = {121},
   year = {2016},
}

@article{Akasofu1981,
   author = {S. I. Akasofu},
   doi = {10.1007/BF00218810/METRICS},
   issn = {00386308},
   issue = {2},
   journal = {Space Science Reviews},
   keywords = {Aerospace Technology and Astronautics,Astrophysics and Astroparticles,Planetology,Space Exploration and Astronautics),Space Sciences (including Extraterrestrial Physics},
   month = {6},
   pages = {121-190},
   publisher = {Kluwer Academic Publishers},
   title = {Energy coupling between the solar wind and the magnetosphere},
   volume = {28},
   year = {1981},
}
@article{Fairfield1966,
   author = {D. H. Fairfield and L. J. Cahill},
   doi = {10.1029/JZ071I001P00155},
   issn = {2156-2202},
   issue = {1},
   journal = {Journal of Geophysical Research},
   month = {1},
   pages = {155-169},
   publisher = {John Wiley & Sons, Ltd},
   title = {Transition region magnetic field and polar magnetic disturbances},
   volume = {71},
   year = {1966},
}

@article{Deng2011,
   author = {Yue Deng and Timothy J. Fuller-Rowell and Rashid A. Akmaev and Aaron J. Ridley},
   doi = {10.1029/2010JA016019},
   issn = {2156-2202},
   issue = {A5},
   journal = {Journal of Geophysical Research: Space Physics},
   keywords = {Joule heating,nonhydrostatic,thermosphere,vertical wind},
   month = {5},
   pages = {5313},
   publisher = {John Wiley & Sons, Ltd},
   title = {Impact of the altitudinal Joule heating distribution on the thermosphere},
   volume = {116},
   year = {2011},
}
@article{Deng2008,
   author = {Yue Deng and Arthur D Richmond and Aaron J Ridley and Han-Li Liu and Citation : Deng and A D Richmond and A J Ridley and H.-L Liu},
   doi = {10.1029/2007GL032182},
   issn = {1944-8007},
   issue = {1},
   journal = {Geophysical Research Letters},
   keywords = {Joule heating,hydrostatic,non,non&hyphen,thermosphere},
   month = {1},
   publisher = {John Wiley & Sons, Ltd},
   title = {Assessment of the non-hydrostatic effect on the upper atmosphere using a general circulation model (GCM)},
   volume = {35},
   year = {2008},
}
@article{Lin2017,
   author = {Cissi Y. Lin and Yue Deng and Cheng Sheng and Douglas P. Drob},
   doi = {10.1002/2016JA022930},
   isbn = {10.1002/2016},
   issn = {2169-9402},
   issue = {1},
   journal = {Journal of Geophysical Research: Space Physics},
   keywords = {acoustic waves,gravity waves,traveling atmospheric disturbances,traveling ionospheric disturbances,wave,wave interactions},
   month = {1},
   pages = {1178-1198},
   publisher = {John Wiley & Sons, Ltd},
   title = {A study of the nonlinear response of the upper atmosphere to episodic and stochastic acoustic-gravity wave forcing},
   volume = {122},
   year = {2017},
}
@article{Deng2021,
   author = {Yue Deng and Cissi Y. Lin and Qingyu Zhu and Cheng Sheng},
   doi = {10.1002/9781119815631.CH4},
   isbn = {9781119815631},
   journal = {Space Physics and Aeronomy, Upper Atmosphere Dynamics and Energetics},
   keywords = {Global Ionosphere,Thermosphere Model,acoustic,gravity waves,lower atmospheric wave forcing,nonhydrostatic processes,vertical winds},
   month = {1},
   pages = {65-78},
   publisher = {American Geophysical Union (AGU)},
   title = {Influence of Nonhydrostatic Processes on the Ionosphere-Thermosphere},
   year = {2021},
}
@article{Weimer2005,
   author = {D. R. Weimer},
   doi = {10.1029/2004JA010884},
   issn = {2156-2202},
   issue = {A5},
   journal = {Journal of Geophysical Research: Space Physics},
   keywords = {Joule heating,currents,electric fields,forecasting techniques,ionosphere,space weather},
   month = {5},
   pages = {5306},
   publisher = {John Wiley & Sons, Ltd},
   title = {Improved ionospheric electrodynamic models and application to calculating Joule heating rates},
   volume = {110},
   year = {2005},
}
@article{Zhu2021,
   author = {Qingyu Zhu and Yue Deng and Astrid Maute and Liam M. Kilcommons and Delores J. Knipp and Marc Hairston},
   doi = {10.1029/2020SW002671},
   issn = {1542-7390},
   issue = {5},
   journal = {Space Weather},
   keywords = {Joule heating,electric field variability,electric potential,electron precipitation,empirical modeling,high latitudes},
   month = {5},
   pages = {e2020SW002671},
   publisher = {John Wiley & Sons, Ltd},
   title = {ASHLEY: A New Empirical Model for the High-Latitude Electron Precipitation and Electric Field},
   volume = {19},
   year = {2021},
}
@article{Hong2021,
   author = {Yu Hong and Yue Deng and Qingyu Zhu and Astrid Maute and Cheng Sheng and Daniel Welling and Ramon Lopez},
   doi = {10.1029/2021SW002856},
   isbn = {10.1029/2021},
   issn = {1542-7390},
   issue = {11},
   journal = {Space Weather},
   keywords = {GITM,hemispheric asymmetry,high latitudes,inter,ionosphere,simulations,thermosphere},
   month = {11},
   pages = {e2021SW002856},
   publisher = {John Wiley & Sons, Ltd},
   title = {Impacts of Different Causes on the Inter-Hemispheric Asymmetry of Ionosphere-Thermosphere System at Mid- and High-Latitudes: GITM Simulations},
   volume = {19},
   year = {2021},
}
@article{Rawer1978,
   author = {K. Rawer and D. Bilitza and S. Ramakrishnan},
   doi = {10.1029/RG016I002P00177},
   issn = {1944-9208},
   issue = {2},
   journal = {Reviews of Geophysics},
   month = {5},
   pages = {177-181},
   publisher = {John Wiley & Sons, Ltd},
   title = {Goals and status of the International Reference Ionosphere},
   volume = {16},
   year = {1978},
}
@article{Hedin1987,
   author = {Alan E. Hedin},
   doi = {10.1029/JA092IA05P04649},
   issn = {2156-2202},
   issue = {A5},
   journal = {Journal of Geophysical Research: Space Physics},
   month = {5},
   pages = {4649-4662},
   publisher = {John Wiley & Sons, Ltd},
   title = {MSIS-86 Thermospheric Model},
   volume = {92},
   year = {1987},
}
@article{Bilitza2001,
   author = {Dieter Bilitza},
   doi = {10.1029/2000RS002432},
   issn = {1944-799X},
   issue = {2},
   journal = {Radio Science},
   keywords = {doi:10.1029/2000RS002432,http://dx.doi.org/10.1029/2000RS002432},
   month = {3},
   pages = {261-275},
   publisher = {John Wiley & Sons, Ltd},
   title = {International Reference Ionosphere 2000},
   volume = {36},
   year = {2001},
}
@article{Hedin1991,
   author = {A. E. Hedin},
   doi = {10.1029/90JA02125},
   issn = {2156-2202},
   issue = {A2},
   journal = {Journal of Geophysical Research: Space Physics},
   month = {2},
   pages = {1159-1172},
   publisher = {John Wiley & Sons, Ltd},
   title = {Extension of the MSIS Thermosphere Model into the middle and lower atmosphere},
   volume = {96},
   year = {1991},
}

@article{Zhang2022,
   author = {Yongliang Zhang and Larry J. Paxton and Robert Schaefer and William H. Swartz},
   doi = {10.1029/2022SW003168},
   issn = {1542-7390},
   issue = {10},
   journal = {Space Weather},
   keywords = {Starlink satellite loss,cooling,geomagnetic storm,heating,thermospheric composition,thermospheric density},
   month = {10},
   pages = {e2022SW003168},
   publisher = {John Wiley & Sons, Ltd},
   title = {Thermospheric Conditions Associated With the Loss of 40 Starlink Satellites},
   volume = {20},
   year = {2022},
}

@article{Bruinsma2023,
   author = {Sean Bruinsma and Thierry Dudok de Wit and Tim Fuller-Rowell and Katherine Garcia-Sage and Piyush Mehta and Fabian Schiemenz and Yuri Y. Shprits and Ruggero Vasile and Jia Yue and Sean Elvidge},
   doi = {10.1016/J.ASR.2023.05.011},
   issn = {0273-1177},
   journal = {Advances in Space Research},
   keywords = {Satellite drag,Thermosphere density data,Thermosphere model,Thermosphere model drivers},
   month = {5},
   publisher = {Pergamon},
   title = {Thermosphere and satellite drag},
   year = {2023},
}

@article{Nicolls2007,
author = {Nicolls, Michael J. and Heinselman, Craig J.},
title = {Three-dimensional measurements of traveling ionospheric disturbances with the Poker Flat Incoherent Scatter Radar},
journal = {Geophysical Research Letters},
volume = {34},
number = {21},
pages = {},
keywords = {AMISR, AGW, TID},
doi = {https://doi.org/10.1029/2007GL031506},
year = {2007}
}

@article{Conde2001,
author = {Conde, M. and Craven, J. D. and Immel, T. and Hoch, E. and Stenbaek-Nielsen, H. and Hallinan, T. and Smith, R. W. and Olson, J. and Sun, Wei and Frank, L. A. and Sigwarth, J.},
title = {Assimilated observations of thermospheric winds, the aurora, and ionospheric currents over Alaska},
journal = {Journal of Geophysical Research: Space Physics},
volume = {106},
number = {A6},
pages = {10493-10508},
doi = {https://doi.org/10.1029/2000JA000135},
year = {2001}
}

@article{Albee1965,
title = {VLF observations at college, Alaska, of various D-region disturbance phenomena},
journal = {Planetary and Space Science},
volume = {13},
number = {3},
pages = {175-206},
year = {1965},
issn = {0032-0633},
doi = {https://doi.org/10.1016/0032-0633(65)90069-3},
author = {P.R. Albee and H.F. Bates},
}

@article{Bruntz2012,
   author = {R. Bruntz and R. E. Lopez and S. K. Bhattarai and K. H. Pham and Y. Deng and Y. Huang and M. Wiltberger and J. G. Lyon},
   doi = {10.1016/J.JASTP.2012.03.016},
   issn = {1364-6826},
   journal = {Journal of Atmospheric and Solar-Terrestrial Physics},
   keywords = {Magnetohydrodynamics,Modeling,Polar cap potential,Viscous interaction},
   month = {7},
   pages = {70-78},
   publisher = {Pergamon},
   title = {Investigating the viscous interaction and its role in generating the ionospheric potential during the Whole Heliosphere Interval},
   volume = {83},
   year = {2012},
}

@article{Axford2011,
   author = {W. I. Axford and C. O. Hines},
   doi = {10.1139/P61-172},
   issn = {0008-4204},
   issue = {10},
   journal = {https://doi.org/10.1139/p61-172},
   month = {10},
   pages = {1433-1464},
   publisher = { NRC Research Press Ottawa, Canada },
   title = {A UNIFYING THEORY OF HIGH-LATITUDE GEOPHYSICAL PHENOMENA AND GEOMAGNETIC STORMS},
   volume = {39},
   year = {2011},
}
@inproceedings{Folta2011,
  title={ARTEMIS mission overview: from concept to operations},
  author={Folta, David and Sweetser, Theodore},
  booktitle={American Astronautical Society/American Institute of Aeronautics and Astronautics (AAS/AIAA) Astrodynamics Specialist Conference},
  number={LEGNEW-OLDGSFC-GSFC-LN-1220},
  year={2011}
}
@article{Farris1994,
   author = {M. H. Farris and C. T. Russell},
   doi = {10.1029/94JA01020},
   issn = {0148-0227},
   issue = {A9},
   journal = {Journal of Geophysical Research: Space Physics},
   month = {9},
   pages = {17681-17689},
   title = {Determining the standoff distance of the bow shock: Mach number dependence and use of models},
   volume = {99},
   year = {1994},
}

@conference{jupyter,
Title = {Jupyter Notebooks -- a publishing format for reproducible computational workflows},
Author = {Thomas Kluyver and Benjamin Ragan-Kelley and Fernando P{\'e}rez and Brian Granger and Matthias Bussonnier and Jonathan Frederic and Kyle Kelley and Jessica Hamrick and Jason Grout and Sylvain Corlay and Paul Ivanov and Dami{\'a}n Avila and Safia Abdalla and Carol Willing},
Booktitle = {Positioning and Power in Academic Publishing: Players, Agents and Agendas},
Editor = {F. Loizides and B. Schmidt},
Organization = {IOS Press},
Pages = {87 - 90},
Year = {2016}
}
@article{numpy,
  title={Array programming with NumPy},
  author={Harris, Charles R and Millman, K Jarrod and Van Der Walt, St{\'e}fan J and Gommers, Ralf and Virtanen, Pauli and Cournapeau, David and Wieser, Eric and Taylor, Julian and Berg, Sebastian and Smith, Nathaniel J and others},
  journal={Nature},
  volume={585},
  number={7825},
  pages={357--362},
  year={2020},
  publisher={Nature Publishing Group UK London},
  note= {Available at \url{https://pypi.org/project/mypackage/}}
}
@article{scipy,
  title={SciPy 1.0: fundamental algorithms for scientific computing in Python},
  author={Virtanen, Pauli and Gommers, Ralf and Oliphant, Travis E and Haberland, Matt and Reddy, Tyler and Cournapeau, David and Burovski, Evgeni and Peterson, Pearu and Weckesser, Warren and Bright, Jonathan and others},
  journal={Nature methods},
  volume={17},
  number={3},
  pages={261--272},
  year={2020},
  publisher={Nature Publishing Group},
  note={Available at \url{https://scipy.org}}
}
@article{matplotlib,
  title={Matplotlib: A 2D graphics environment},
  author={Hunter, John D},
  journal={Computing in science \& engineering},
  volume={9},
  number={03},
  pages={90--95},
  year={2007},
  publisher={IEEE Computer Society},
  note={Available at \url{https://matplotlib.org}}
}
@misc{pandas,
  title={Proceedings of the 9th Python in Science Conference},
  author={McKinney, Wes and van der Walt, St{\'e}fan and Millman, Jarrod},
  year={2010},
  publisher={Austin, Texas},
  note={Available at \url{https://pandas.pydata.org}}
}

@article{Cowley81,
  title={Magnetospheric asymmetries associated with the y-component of the IMF},
  author={Cowley, SWH},
  journal={Planetary and Space Science},
  volume={29},
  number={1},
  pages={79--96},
  year={1981},
  publisher={Elsevier}
}

@article{tenfjord2015,
  title={How the IMF By induces a By component in the closed magnetosphere and how it leads to asymmetric currents and convection patterns in the two hemispheres},
  author={Tenfjord, Paul and {\O}stgaard, Nikolai and Snekvik, Kristian and Laundal, Karl Magnus and Reistad, Jone Peter and Haaland, Stein and Milan, SE},
  journal={Journal of Geophysical Research: Space Physics},
  volume={120},
  number={11},
  pages={9368--9384},
  year={2015},
  publisher={Wiley Online Library}
}

@misc{fredrick2025github,
    title = {GITM-Simulations},
    author = {Fredrick, Espen},
    abstract = {Notebooks and scripts for solar wind prediction reliability
               research},
    year = {2025},
    publisher={Zenodo},
    doi={10.5281/zenodo.14776032}
}

@article{Myllys2017,
author = {Myllys, M. and Kipua, E. K. J. and Lavraud, B.},
title = {Interplay of solar wind parameters and physical mechanisms producing the saturation of the cross polar cap potential},
journal = {Geophysical Research Letters},
volume = {44},
number = {7},
pages = {3019-3027},
keywords = {polar cap saturation, polar cap index, coupling efficiency},
doi = {https://doi.org/10.1002/2017GL072676},
url = {https://agupubs.onlinelibrary.wiley.com/doi/abs/10.1002/2017GL072676},
year = {2017}
}

@article{Lopez2008,
author = {Lopez, R. E. and Bruntz, R. and Mitchell, E. J. and Wiltberger, M. and Lyon, J. G. and Merkin, V. G.},
title = {Role of magnetosheath force balance in regulating the dayside reconnection potential},
journal = {Journal of Geophysical Research: Space Physics},
volume = {115},
number = {A12},
pages = {},
keywords = {ionospheric potential, MHD simulations},
doi = {https://doi.org/10.1029/2009JA014597},
url = {https://agupubs.onlinelibrary.wiley.com/doi/abs/10.1029/2009JA014597},
year = {2010}
}

@article{Wilder2011,
author = {Wilder, F. D. and Clauer, C. R. and Baker, J. B. H. and Cousins, E. P. and Hairston, M. R.},
title = {The nonlinear response of the polar cap potential under southward IMF: A statistical view},
journal = {Journal of Geophysical Research: Space Physics},
volume = {116},
number = {A12},
pages = {},
keywords = {DMSP, ionosphere, polar cap potential, saturation},
doi = {https://doi.org/10.1029/2011JA016924},
url = {https://agupubs.onlinelibrary.wiley.com/doi/abs/10.1029/2011JA016924},
year = {2011}
}

@article{AlShidi2024,
author = {Al Shidi, Q. and Pulkkinen, T. I. and Welling, D. and Toth, G.},
title = {Accuracy of Global Geospace Simulations: Influence of Solar Wind Monitor Location and Solar Wind Driving},
journal = {Space Weather},
volume = {22},
number = {4},
pages = {e2023SW003747},
keywords = {solar wind propagation, geospace, swmf, geomagnetic indices, uncertainty, model validation},
doi = {https://doi.org/10.1029/2023SW003747},
url = {https://agupubs.onlinelibrary.wiley.com/doi/abs/10.1029/2023SW003747},
eprint = {https://agupubs.onlinelibrary.wiley.com/doi/pdf/10.1029/2023SW003747},
year = {2024}
}

@article{Morley2018,
author = {Morley, S. K. and Welling, D. T. and Woodroffe, J. R.},
title = {Perturbed Input Ensemble Modeling With the Space Weather Modeling Framework},
journal = {Space Weather},
volume = {16},
number = {9},
pages = {1330-1347},
keywords = {space weather, ensembles, uncertainty, geomagnetic storm, numerical modeling, resampling},
doi = {https://doi.org/10.1029/2018SW002000},
url = {https://agupubs.onlinelibrary.wiley.com/doi/abs/10.1029/2018SW002000},
eprint = {https://agupubs.onlinelibrary.wiley.com/doi/pdf/10.1029/2018SW002000},
year = {2018}
}

@article{Weimer2002,
author = {Weimer, D. R. and Ober, D. M. and Maynard, N. C. and Burke, W. J. and Collier, M. R. and McComas, D. J. and Ness, N. F. and Smith, C. W.},
title = {Variable time delays in the propagation of the interplanetary magnetic field},
journal = {Journal of Geophysical Research: Space Physics},
volume = {107},
number = {A8},
pages = {SMP 29-1-SMP 29-15},
keywords = {interplanetary magnetic field, IMF, space weather, Advanced Composition Explorer, ACE},
doi = {https://doi.org/10.1029/2001JA009102},
url = {https://agupubs.onlinelibrary.wiley.com/doi/abs/10.1029/2001JA009102},
eprint = {https://agupubs.onlinelibrary.wiley.com/doi/pdf/10.1029/2001JA009102},
year = {2002}
}

@article{sonnerup1998,
  title={Analysis methods for multi-spacecraft data},
  author={Sonnerup, BUO and Scheible, M},
  journal={ISSI Scientific Report},
  year={1998}
}

@Article{Zhang2022a,
title = {Validation of the use of THEMIS-B and THEMIS-C as a near-Earth solar wind monitor},
journal = {Earth and Planetary Physics},
volume = {6},
number = {6},
pages = {546-554},
year = {2022},
issn = {2096-3955},
doi = {10.26464/epp2023003},	
url = {https://www.eppcgs.org/en/article/doi/10.26464/epp2023003},
author = {DianJun Zhang and WenLong Liu and Zhao Zhang}
}

@article{Artemyev2018,
author = {Artemyev, A. V. and Angelopoulos, V. and McTiernan, J. M.},
title = {Near-Earth Solar Wind: Plasma Characteristics From ARTEMIS Measurements},
journal = {Journal of Geophysical Research: Space Physics},
volume = {123},
number = {12},
pages = {9955-9962},
keywords = {solar wind, electron anisotropy},
doi = {https://doi.org/10.1029/2018JA025904},
url = {https://agupubs.onlinelibrary.wiley.com/doi/abs/10.1029/2018JA025904},
eprint = {https://agupubs.onlinelibrary.wiley.com/doi/pdf/10.1029/2018JA025904},
year = {2018}
}


@misc{papitashvili2020omni,
  author       = {Papitashvili, Natalia E. and King, Joseph H.},
  title        = {{OMNI 1-min Data}},
  year         = {2020},
  note         = {[Data set]},
  publisher    = {NASA Space Physics Data Facility},
  doi          = {10.48322/45bb-8792},
  url          = {https://doi.org/10.48322/45bb-8792},
  howpublished = {Accessed on April 16, 2025}
}

@misc{nasa_spdf,
  title        = {{NASA Space Physics Data Facility (SPDF)}},
  author       = {{NASA Space Physics Data Facility}},
  howpublished = {Registry of Research Data Repositories (re3data.org)},
  doi          = {10.17616/R3P301},
  url          = {http://doi.org/10.17616/R3P301},
  note         = {Accessed on April 16, 2025},
  year         = {2025}
}

@article{LopezandFreedman,
  title={Solar wind proton temperature-velocity relationship},
  author={Lopez, Ramon E and Freeman, John W},
  journal={Journal of Geophysical Research: Space Physics},
  volume={91},
  number={A2},
  pages={1701--1705},
  year={1986},
  publisher={Wiley Online Library},
  doi={10.1029/JA091iA02p01701}
}